@article{koltakov2012,
  title={Moving grid method for numerical simulation of stratified flows},
  author={Koltakov, S. and Fringer, O. B.},
  journal={Int. J. Numer. Meth. Fl.},
  year={2012},
  publisher={Wiley Online Library}
}

@article{zang1994,
  title={A non-staggered grid, fractional step method for time-dependent incompressible Navier-Stokes equations in curvilinear coordinates},
  author={Zang, Y. and Street, R. L. and Koseff, J. R.},
  journal={J. Comput. Phys.},
  volume={114},
  number={1},
  pages={18--33},
  year={1994},
  publisher={Elsevier}
}

@article{zang1993,
  title={A dynamic mixed subgrid-scale model and its application to turbulent recirculating flows},
  author={Zang, Y. and Street, R. L. and Koseff, J. R.},
  journal={Phys. Fluids A},
  volume={5},
  pages={3186},
  year={1993}
}

@article{cui2001,
  title={Large-eddy simulation of turbulent rotating convective flow development},
  author={Cui, A. and Street, R. L.},
  journal={J. Fluid Mech.},
  volume={447},
  pages={53--84},
  year={2001},
  publisher={Cambridge Univ Press}
}








